@article{STEGANOGRAFIASIECIOWAART,
    author = "Lubacz, Józef and Mazurczyk, Wojciech and Szczypiorski, Krzysztof",
    title = "Steganografia sieciowa",
    journal = "Przegląd Telekomunikacyjny",
    year = "2010",
    volume = "4",
    pages = "134-135"
}

